
@article{JMLR:v11:vincent10a,
  author  = {Pascal Vincent and Hugo Larochelle and Isabelle Lajoie and Yoshua Bengio and Pierre-Antoine Manzagol},
  title   = {Stacked Denoising Autoencoders: Learning Useful Representations in a Deep Network with a Local Denoising Criterion},
  journal = JMLR,
  year    = {2010},
  volume  = {11},
  number  = {110},
  pages   = {3371-3408},
  url     = {http://jmlr.org/papers/v11/vincent10a.html}
}

@misc{pathak2016context,
      title={Context Encoders: Feature Learning by Inpainting}, 
      author={Deepak Pathak and Philipp Krahenbuhl and Jeff Donahue and Trevor Darrell and Alexei A. Efros},
      year={2016},
      eprint={1604.07379},
      archivePrefix={arXiv},
      primaryClass={cs.CV}
}

@article{DBLP:journals/corr/ZhangIE16a,
  author    = {Richard Zhang and
               Phillip Isola and
               Alexei A. Efros},
  title     = {Split-Brain Autoencoders: Unsupervised Learning by Cross-Channel Prediction},
  journal   = {CoRR},
  volume    = {abs/1611.09842},
  year      = {2016},
  url       = {http://arxiv.org/abs/1611.09842},
  archivePrefix = {arXiv},
  eprint    = {1611.09842},
  timestamp = {Wed, 14 Aug 2019 08:23:33 +0200},
  biburl    = {https://dblp.org/rec/journals/corr/ZhangIE16a.bib},
  bibsource = {dblp computer science bibliography, https://dblp.org}
}

@misc{doersch2016unsupervised,
      title={Unsupervised Visual Representation Learning by Context Prediction}, 
      author={Carl Doersch and Abhinav Gupta and Alexei A. Efros},
      year={2016},
      eprint={1505.05192},
      archivePrefix={arXiv},
      primaryClass={cs.CV}
}

@article{DBLP:journals/corr/abs-1803-07728,
  author    = {Spyros Gidaris and
               Praveer Singh and
               Nikos Komodakis},
  title     = {Unsupervised Representation Learning by Predicting Image Rotations},
  journal   = {CoRR},
  volume    = {abs/1803.07728},
  year      = {2018},
  url       = {http://arxiv.org/abs/1803.07728},
  archivePrefix = {arXiv},
  eprint    = {1803.07728},
  timestamp = {Mon, 13 Aug 2018 16:46:04 +0200},
  biburl    = {https://dblp.org/rec/journals/corr/abs-1803-07728.bib},
  bibsource = {dblp computer science bibliography, https://dblp.org}
}

@article{mikolov2013efficient,
  title={Efficient estimation of word representations in vector space},
  author={Mikolov, Tomas and Chen, Kai and Corrado, Greg and Dean, Jeffrey},
  journal={arXiv preprint arXiv:1301.3781},
  year={2013}
}

@misc{hjelm2019learning,
      title={Learning deep representations by mutual information estimation and maximization}, 
      author={R Devon Hjelm and Alex Fedorov and Samuel Lavoie-Marchildon and Karan Grewal and Phil Bachman and Adam Trischler and Yoshua Bengio},
      year={2019},
      eprint={1808.06670},
      archivePrefix={arXiv},
      primaryClass={stat.ML}
}

@article{DBLP:journals/corr/abs-1807-03748,
  author    = {A{\"{a}}ron van den Oord and
               Yazhe Li and
               Oriol Vinyals},
  title     = {Representation Learning with Contrastive Predictive Coding},
  journal   = {CoRR},
  volume    = {abs/1807.03748},
  year      = {2018},
  url       = {http://arxiv.org/abs/1807.03748},
  archivePrefix = {arXiv},
  eprint    = {1807.03748},
  timestamp = {Mon, 13 Aug 2018 16:48:25 +0200},
  biburl    = {https://dblp.org/rec/journals/corr/abs-1807-03748.bib},
  bibsource = {dblp computer science bibliography, https://dblp.org}
}

@inproceedings{henaff2020data,
  title={Data-efficient image recognition with contrastive predictive coding},
  author={Henaff, Olivier},
  booktitle={International Conference on Machine Learning},
  pages={4182--4192},
  year={2020},
  organization={PMLR}
}

@inproceedings{he2020momentum,
  title={Momentum contrast for unsupervised visual representation learning},
  author={He, Kaiming and Fan, Haoqi and Wu, Yuxin and Xie, Saining and Girshick, Ross},
  booktitle={Proceedings of the IEEE/CVF Conference on Computer Vision and Pattern Recognition},
  pages={9729--9738},
  year={2020}
}

@inproceedings{chen2020simple,
  title={A simple framework for contrastive learning of visual representations},
  author={Chen, Ting and Kornblith, Simon and Norouzi, Mohammad and Hinton, Geoffrey},
  booktitle={International conference on machine learning},
  pages={1597--1607},
  year={2020},
  organization={PMLR}
}

@article{grill2020bootstrap,
  title={Bootstrap your own latent: A new approach to self-supervised learning},
  author={Grill, Jean-Bastien and Strub, Florian and Altch{\'e}, Florent and Tallec, Corentin and Richemond, Pierre H and Buchatskaya, Elena and Doersch, Carl and Pires, Bernardo Avila and Guo, Zhaohan Daniel and Azar, Mohammad Gheshlaghi and others},
  journal={arXiv preprint arXiv:2006.07733},
  year={2020}
}

