@Article{Rumelhart1986NATURE,
  author  = {Rumelhart, David E. and Hinton, Geoffrey E. and Williams, Ronald J.},
  title   = {Learning representations by back-propagating errors},
  journal = NATURE,
  year    = {1986},
  volume  = {323},
  pages   = {533--536},
}

@Article{Hochreiter1997NC,
  author  = {Sepp Hochreiter and J{\"{u}}rgen Schmidhuber},
  title   = {Long Short-Term Memory},
  journal = NC,
  year    = {1997},
  volume  = {9},
  number  = {8},
  pages   = {1735--1780},
}

@InProceedings{Krizhevsky2012NIPS,
  author    = {Alex Krizhevsky and Sutskever, Ilya and Geoffrey E. Hinton},
  title     = {ImageNet Classification with Deep Convolutional Neural Networks},
  booktitle = NIPS,
  year      = {2012},
}

@InProceedings{Geiger2012CVPR,
  author         = {Andreas Geiger and Philip Lenz and Raquel Urtasun},
  title          = {Are we ready for Autonomous Driving? {T}he {KITTI} Vision Benchmark Suite},
  booktitle      = CVPR,
  year           = {2012},
}